@book{hecht,
  title     = {Optics, Global Edition},
  author    = {Eugene Hecht},
  year      = {2016},
  publisher = {Pearson},
  edition   = {5th},
  isbn      = {9780133977226},
}





















@article{aether, series={3}, title={on the relative motion of the earth and the luminiferous ether}, volume={34}, number={203}, journal={american jounral of science}, author={michelson, albert a and morley, edward w}, year={1887}, month={Nov}, pages={333–345}, collection={3}} 

@misc{ligo, url={https://www.ligo.caltech.edu/page/ligos-ifo}, journal={Caltech}} 

@inbook{line_spectra_shape, title={ Shape of Spectral Lines }, url={https://ads.harvard.edu/books/1989fsa..book/}, booktitle={The Fundamentals of Stellar Astrophysics}, author={Collins, George W}, pages={348–395}} 


@article{coh_length_eq1,
author = {Ceyhun Akcay and Pascale Parrein and Jannick P. Rolland},
journal = {Appl. Opt.},
keywords = {Coherence; Optical coherence tomography; Resolution; Biomedical imaging; Image quality; Imaging systems; Imaging techniques; Optical imaging; Partial coherence},
number = {25},
pages = {5256--5262},
publisher = {Optica Publishing Group},
title = {Estimation of longitudinal resolution in optical coherence imaging},
volume = {41},
month = {Sep},
year = {2002},
url = {https://opg.optica.org/ao/abstract.cfm?URI=ao-41-25-5256},
doi = {10.1364/AO.41.005256},
abstract = {The spectral shape of a source is of prime importance in optical coherence imaging because it determines several aspects of image quality, especially longitudinal resolution. Wide spectral bandwidth, which provides short coherence length, is sought to obtain high-resolution imaging. To estimate longitudinal resolution, the spectral shape of a source is usually assumed to be Gaussian, although the spectra of real sources are typically non-Gaussian. We discuss the limit of this assumption regarding the estimation of longitudinal resolution. To this end, we also investigate how coherence length is related to longitudinal resolution through the evaluation of different definitions of the coherence length. To demonstrate our purpose, the coherence length for several theoretical and real spectral shapes of sources having the same spectral bandwidth and central wavelength is computed. The reliability of coherence length computations toward the estimation of longitudinal resolution is discussed.},
}


@manual{lab_manual,
  title        = "Interferometry, Year 2 Teaching Labs",
  author       = "{Helder Crespo, Theo Gatward, Michael Fox}",
  organization = "Imperial College London",
  year         = 2023,
  month        = "October"
}


@inbook{mercury_lamp_workings, place={Cambridge, Mass,}, title={Features Common to All Electric Discharge Lamps}, booktitle={Electric discharge lamps}, publisher={M.I.T. Press}, author={Waymouth, John F.}, year={1971}, pages={3–5}} 

@misc{mercury_spectrum, url={https://physics.nist.gov/PhysRefData/Handbook/Tables/mercurytable2.htm}, journal={Strong lines of mercury&nbsp;(&nbsp;hg&nbsp;)}, author={National Institute of Standards and Technology}} 


@misc{motor_diff, title={Stepper Motors vs. DC Motors - what’s the difference?}, url={https://www.thomasnet.com/articles/machinery-tools-supplies/stepper-motors-vs-dc-motors/}, journal={Thomasnet® - Product Sourcing and Supplier Discovery Platform - Find North American Manufacturers, Suppliers and Industrial Companies}, author={Cavallo, Christian}} 

@misc{microsteppers_mech_rel, title={Optimizing stepper motors with microstepping}, url={https://www.analog.com/en/products/landing-pages/001/optimizing-stepper-motors-microstepping.html}, journal={Optimizing Stepper Motors with Microstepping | Analog Devices}, author={Devices, Analog}} 


@misc{microstepping, title={Microstepping for Stepper Motors}, url={https://www.linearmotiontips.com/microstepping-basics/}, journal={Linear Motion Tips}, author={Collins, Danielle}, year={2019}, month={Nov}} 


@misc{tilt_settings, title={Smooth bore kinematic mirror mounts with&nbsp;two adjusters}, url={https://www.thorlabs.com/newgrouppage9.cfm?objectgroup_id=1492&amp;pn=KM100}, journal={Thorlabs, Inc. - Your Source for Fiber Optics, Laser Diodes, Optical Instrumentation and Polarization Measurement &amp; Control}, author={Thorlabs}} 

@misc{shannon1, title={12.3: Resolution and sampling rate}, url={https://eng.libretexts.org/Bookshelves/Electrical_Engineering/Electronics/Operational_Amplifiers_and_Linear_Integrated_Circuits_-_Theory_and_Application_(Fiore)/12%3A_Analog-to-Digital-to-Analog_Conversion/12.03%3A_Section_3-}, journal={Engineering LibreTexts}, publisher={Libretexts}, author={Fiore, James&nbsp; M}, year={2022}, month={May}} 

@misc{shannon2, title={The Nyquist–shannon theorem: Understanding sampled systems - technical articles}, url={https://www.allaboutcircuits.com/technical-articles/nyquist-shannon-theorem-understanding-sampled-systems/}, journal={All About Circuits}, author={Keim, Robert}, year={2020}, month={May}} 

@article{shannon_ac1, title={Communication in the presence of noise}, volume={72}, DOI={10.1109/proc.1984.12998}, number={9}, journal={Proceedings of the IEEE}, author={Shannon, C.E.}, year={1984}, pages={1192–1201}} 

@book{shannon_ac2, place={Cham}, title={Sampling theory, a Renaissance compressive sensing and other developments}, publisher={Springer International Publishing}, author={Pfander, G©œtz E.}, year={2015}} 

@misc{Butterworth, title={Butterworth Filter: What is it? (Design &amp; Applications)}, url={https://www.electrical4u.com/butterworth-filter/?utm_content=cmp-true}, journal={Electrical4U}, author={Electrical4U}, year={2021}, month={Apr}} 

@manual{gibbs,
  title        = "Fourier Analysis",
  author       = "{Carlo Contaldi}",
  organization = "Physics Department, Imperial College London, SW7 2AZ",
  year         = 2023,
  month        = "March"
}

@article{Butterworth2,
  title = {On the {{Theory}} of {{Filter Amplifiers}}},
  volume = {7},
  journal = {Experimental Wireless \& the Wireless Engineer},
  author = {Butterworth, S.},
  month = oct,
  year = {1930},
  pages = {536-541}
}

@misc{optical_table_supports, title={Optical table supports: Active vibration isolation}, url={https://www.thorlabs.com/newgrouppage9.cfm?objectgroup_id=1095}, journal={Thorlabs, Inc. - Your Source for Fiber Optics, Laser Diodes, Optical Instrumentation and Polarization Measurement &amp; Control}, author={Thorlabs}} 


@misc{plate_bs, title={UV fused silica broadband plate beamsplitters (coating: 400 - 700 nm)}, url={https://www.thorlabs.com/NewGroupPage9.cfm?ObjectGroup_ID=4807}, journal={Thorlabs, Inc. - Your Source for Fiber Optics, Laser Diodes, Optical Instrumentation and Polarization Measurement &amp; Control}, author={Thorlabs}} 

@misc{cube_bs, title={Non-polarizing beamsplitter cubes in 30 mm cage cubes}, url={https://www.thorlabs.com/newgrouppage9.cfm?objectgroup_id=4129}, journal={Thorlabs, Inc. - Your Source for Fiber Optics, Laser Diodes, Optical Instrumentation and Polarization Measurement &amp; Control}, author={Thorlabs}} 

@unpublished{spin_numbers_hg,
  TITLE = {{The NUBASE evaluation of nuclear and decay properties}},
  AUTHOR = {Audi, G. and Bersillon, O. and Blachot, J. and Wapstra, A.H.},
  URL = {https://hal.in2p3.fr/in2p3-00020241},
  NOTE = {working paper or preprint},
  PAGES = {1-126},
  YEAR = {2004},
  MONTH = Jan,
  PDF = {https://hal.in2p3.fr/in2p3-00020241/file/democrite-00020241.pdf},
  HAL_ID = {in2p3-00020241},
  HAL_VERSION = {v1},
}

@misc{zeeman_effect, title={Zeeman effect}, url={https://www.britannica.com/science/Zeeman-effect}, journal={Encyclopædia Britannica}, publisher={Encyclopædia Britannica, inc.}, author={Britannica, The Editors of Encyclopaedia.}, year={2023}, month={Oct}} 


@article{fine_structure, title={Lamps and wavelengths of Mercury 198}, volume={44}, DOI={10.6028/jres.044.039}, number={5}, journal={Journal of Research of the National Bureau of Standards}, author={Meggers, W.F. and Westfall, F.O.}, year={1950}, pages={447–455}} 

@article{fine_structure2,
author = {Craig J. Sansonetti and Marc L. Salit and Joseph Reader},
journal = {Appl. Opt.},
keywords = {Calibration; Fourier transform spectroscopy; Light sources; Optical filters; Red shift; Spectrometers},
number = {1},
pages = {74--77},
publisher = {Optica Publishing Group},
title = {Wavelengths of spectral lines in mercury pencil lamps},
volume = {35},
month = {Jan},
year = {1996},
url = {https://opg.optica.org/ao/abstract.cfm?URI=ao-35-1-74},
doi = {10.1364/AO.35.000074},
abstract = {The wavelengths of 19 spectral lines in the region 253--579 nm emitted by Hg pencil-type lamps were measured by Fourier-transform spectroscopy. Precise calibration of the spectra was obtained with wavelengths of 198Hg as external standards. Our recommended values should be useful as wavelength-calibration standards for moderate-resolution spectrometers at an uncertainty level of 0.0001 nm.},
}


@article{pure_hg, title={On the purity of mercury-198 produced by neutron irradiation of gold-197}, volume={47}, DOI={10.1364/josa.47.001032}, number={11}, journal={Journal of the Optical Society of America}, author={McNally, J. R.}, year={1957}, pages={1032}} 



@misc{argon_spectrum, url={https://physics.nist.gov/PhysRefData/Handbook/Tables/argontable2.htm}, journal={Strong lines of argon&nbsp;(&nbsp;ar&nbsp;)}, author={National Institute of Standards and Technology}} 

@misc{microstep_cons, title={Why microstepping in Stepper Motors isn’t as good as you think}, url={https://www.edn.com/why-microstepping-in-stepper-motors-isnt-as-good-as-you-think/}, journal={EDN}, author={MILLETT , PETE}, year={2022}, month={Apr}} 





































@misc{real_world_circuits_KA, title={Real-world circuit elements (article)}, url={https://www.khanacademy.org/science/electrical-engineering/ee-circuit-analysis-topic/circuit-elements/a/ee-real-world-circuit-elements}, journal={Khan Academy}, publisher={Khan Academy}, author={McAllister, Willy}} 

 @misc{HF_reject, title={Dealing with a noisy signal: oscilloscope tools to simplify your measurements}, url={https://www.newark.com/pdfs/techarticles/tektronix/Tektronix_Dealing_with_a_Noisy_Signal.pdf}, journal={Khan Academy}, publisher={Newark Electronics}, pages={2}} 
 

@misc{parts_of_cable, title={Parts of an electrical cable}, url={https://www.topcable.com/blog-electric-cable/en/parts-of-an-electrical-cable/}, author={Cable, Top}, year={2020}, month={Sep} }

@inbook{phasor_analysis, edition={3}, title={Phasor Analysis of RLC Circuits}, booktitle={Basic Electrical Engineering}, publisher={New Age International Publishers}, author={Wadhwa, C.L.}, year={2007}, pages={56–91}} 


 @misc{osc_vs_mm2, title={Multimeter vs. oscilloscope: Main differences}, url={https://electronicshacks.com/multimeter-vs-oscilloscope/}, journal={ElectronicsHacks}, year={2022}, month={Oct}} 


 @misc{sample_rate, title="{R\&S®RTB2000 Digital Oscilloscope Product Brochure}", url={https://www.farnell.com/datasheets/2229436.pdf}, journal={Farnell.com Datasheets}, publisher={Farnell.com}, author="{Rohde \& Schwarz}", year={2017}, pages={5}} 


 @inbook{elec_equivalence, place={Pasadena, CA}, title={23: Resonance (Table 23.1)}, volume={1}, url={https://www.feynmanlectures.caltech.edu/I_23.html#Ch23-T1}, booktitle={The Feynman Lectures on Physics}, publisher={California Institute of Technology}, author={Feynman, Richard P. and Leighton, Robert B. and Sands, Matthew L.}, year={1963}} 

 
 @misc{transient_solns, title={Transient And Steady State Solutions}, url={http://hyperphysics.phy-astr.gsu.edu/hbase/oscdr.html}, journal={Driven Oscillator}, publisher={Department of Physics and Astronomy,  Georgia State University}, author={Nave, Carl  R. (Rod)}} 


 @misc{diff_eqn_solve, title={Physik M 513.805 (511.015)}, url={http://lampx.tugraz.at/~hadley/physikm/apps/resonance.en.php}, journal={Resonance of a damped driven harmonic oscillator}, publisher={Graz University of Technology}, author={Zojer , Karin and Hadley, Peter}}


@misc{res_in_lcr, title={The Physics of Resonance |  Electrical Circuits}, url={http://www.intuitor.com/resonance/circuits.html}, journal={The physics of Resonance}, author={Intuitor.com}} 


@book{qfactor_meaning, place={Lowell, Massachusetts}, url={https://faculty.uml.edu//pchowdhury/PHYS2690/Supp/Q-factor.pdf}, journal={Q factor}, publisher={University of Massachusetts Lowell}, author={Lepeshkin, Nick}} 


@misc{kvl_in_lcr, title={Series RLC circuit and RLC series circuit analysis}, url={https://www.electronics-tutorials.ws/accircuits/series-circuit.html}, journal={Basic Electronics Tutorials}, author={Storr, Wayne}, year={2022}, month={Aug}} 


 @misc{examples_of_resonance, title={3.1.2: A few other examples of resonance}, url={https://phys.libretexts.org/@go/page/26145?pdf}, journal={Physics LibreTexts}, publisher={Libretexts}, author={ Forinash , Kyle and Christian, Wolfgang}, year={2020}, month={Aug}} 

@article{HelmholtzResonance1,
title = {Numerical analysis and passive control of a car side window buffeting noise based on Scale-Adaptive Simulation},
journal = {Applied Acoustics},
volume = {79},
pages = {23-34},
year = {2014},
issn = {0003-682X},
doi = {https://doi.org/10.1016/j.apacoust.2013.12.006},
url = {https://www.sciencedirect.com/science/article/pii/S0003682X13002879},
author = {Zhendong Yang and Zhengqi Gu and Jiyuan Tu and Guangping Dong and Yiping Wang},
}

 @misc{friction_vel_dep, title={Friction}, url={http://hyperphysics.phy-astr.gsu.edu/hbase/airfri.html}, journal={Air friction}, publisher={Department of Physics and Astronomy, Georgia State University}, author={Nave, Carl  R. (Rod)}} 



@misc{res_history,
  doi = {10.48550/ARXIV.1811.08353},
  
  url = {https://arxiv.org/abs/1811.08353},
  
  author = {Bleck-Neuhaus, Jörn},
  
  keywords = {History and Philosophy of Physics (physics.hist-ph), Classical Physics (physics.class-ph), Geophysics (physics.geo-ph), FOS: Physical sciences, FOS: Physical sciences},
  
  title = {Mechanical resonance: 300 years from discovery to the full understanding of its importance},
  
  publisher = {arXiv},
  
  year = {2018},
  
  copyright = {arXiv.org perpetual, non-exclusive license}
}


 @misc{impedance_matching4, title={The mysterious 50 ohm impedance: Where it came from and why we use it}, url={https://resources.altium.com/p/mysterious-50-ohm-impedance-where-it-came-and-why-we-use-it}, journal={Altium}, author={Peterson , Zachariah}, year={2021}, month={Mar}} 

  @misc{impedance_matching5, title={Why is impedance matching important? | Impedance matching fundamentals}, url={https://resources.pcb.cadence.com/blog/2019-why-is-impedance-matching-important-impedance-matching-fundamentals}, journal={Cadence}, author="{Cadence}", year={2019}} 

 @inbook{mri_alevel, place={Cambridge}, edition={2}, title={Magnetic resonance imaging}, booktitle={Cambridge International AS \& A Level Physics}, publisher={Cambridge University Press}, author={Sang, David and Jones, Graham and Chadha, Gurinder and Woodside, Richard}, year={2014}, pages={522–523}} 

 @inbook{resonance_accircuit_tuning_etc, place={Hoboken, NJ}, edition={15}, title={Resonance In Alternating-Current Circuits}, booktitle={Sears and Zemansky's University physics with modern physics}, publisher={Pearson}, author={Young, Hugh D. and Freedman, Roger A. and Ford, A. Lewis}, year={2020}, pages={1062–1063}} 



@manual{lab_manual,
  title        = "Year 1 Laboratory Manual: LCR Resonance Experiment",
  author       = "{Y. Uchida (Ed.)}",
  organization = "Imperial College London",
  year         = 2022
}

 @misc{parasitic_inductance, title={Parasitic inductance: Fundamentals: Capacitor guide}, url={https://eepower.com/capacitor-guide/fundamentals/parasitic-inductance/}, journal={EEPower}, author="{EE Power}"} 


  @misc{parasitic_capacitance, title={Parasitic capacitance, inductance, and displacement current}, url={https://www.powerelectronictips.com/parasitic-capacitance-inductance-and-displacement-current-faq/}, journal={Power Electronic Tips}, author={Heath, Janet}, year={2018}, month={Apr}} 
  
----------------------------------------
%to review











 
----------------------------------------------
%as of now, no

 @inbook{phasors_art_of_elec, place={New York}, edition={3}, title={1.7.14 Resonant circuits}, booktitle={The Art of Electronics}, publisher={Cambridge Universty press}, author={Horowitz, Paul and Hill, Winfield}, year={2015}, pages={52–54}} 


 @book{hcverma, place={New Delhi}, edition={2019}, title={Concepts of physics}, volume={2}, publisher={Bharati Bhawan}, author={Verma, Harish Chandra}, year={1999}, pages={322-323}} 


 @misc{res_importance, title={What is resonance and why is it so important?}, url={https://www.resonancescience.org/blog/what-is-resonance-and-why-is-it-so-important}, journal={Resonance Science Foundation - Explore the Connected Universe}, author={Urdaneta, Inés}} 


 @misc{stokes_drag, title={Dropping the ball (slowly)}, url={https://galileo.phys.virginia.edu/classes/152.mf1i.spring02/Stokes_Law.htm}, journal={Stokes' Law}, publisher={University of Virginia}, author={Fowler, Michael}} 

 
 @misc{HelmholtzResonance2, title={What's that weird sound that happens when I open my car window?}, url={https://www.erieinsurance.com/blog/weird-sound-car-window-wind-buffeting}, journal={Erie Insurance}, publisher={Erie Insurance}, author={Badar, Becky}, year={2022}, month={May}} 

 
@incollection{mri,
title = {Chapter 1 - Brief Introduction to MRI Physics},
editor = {Mehmet Akçakaya and Mariya Doneva and Claudia Prieto},
series = {Advances in Magnetic Resonance Technology and Applications},
publisher = {Academic Press},
volume = {7},
pages = {10-12},
year = {2022},
booktitle = {Magnetic Resonance Image Reconstruction},
issn = {2666-9099},
doi = {https://doi.org/10.1016/B978-0-12-822726-8.00010-5},
url = {https://www.sciencedirect.com/science/article/pii/B9780128227268000105},
author = {Joao Tourais and Chiara Coletti and Sebastian Weingärtner},
keywords = {MRI, nuclear magnetic resonance, precession, Bloch equations, free induction decay, gradient magnetic field, relaxation, Larmor frequency, -space, radiofrequency},
abstract = {Magnetic resonance imaging (MRI) is one of the most fascinating applications of advanced physics in modern society. MRI combines multiple physical concepts to enable noninvasive imaging based on a magnetization signal that forms within the subject. An unparalleled wealth of contrast mechanisms can be achieved with MRI, making it integral to many areas of diagnostic radiology. In this chapter, we set out to explain the basics of MRI physics to provide the background necessary to understand advanced MRI reconstruction techniques. We will look at the theory of nuclear magnetism and introduce the basic concepts required to generate the nuclear magnetic resonance (NMR) signal. Subsequently, the process of spatial localization of the NMR signal that makes possible image formation is explained. With this knowledge, we will discuss basic MRI pulse sequences. To conclude, we lay out the basic characteristics and hardware components of modern MRI machines.}
}


----------------------------------------------
%def no



 @misc{osc_vs_mm, title={Oscilloscope vs multimeter}, url={https://www.fluke.com/en-gb/learn/blog/oscilloscopes/oscilloscope-vs-multimeter}, journal={Fluke}, author={Fluke}, year={2022}, month={Feb}} 


 @inbook{diff_eqn_solve2, place={Hoboken, NJ}, edition={15}, title={Damped Oscillation with a Periodic Driving Force}, booktitle={Sears and Zemansky's University physics with modern physics}, publisher={Pearson}, author={Young, Hugh D. and Freedman, Roger A. and Ford, A. Lewis}, year={2020}, pages={480-481}} 


 @article{HelmholtzResonance3, title={Vehicle wind buffeting noise reduction via window openings optimization}, DOI={10.4271/2008-01-0678}, journal={SAE Technical Paper Series}, author={Chen, Frank and Qian, Ping}, year={2008}, month={Apr}} 




 @misc{impedance_matching1, title={Back to basics: Impedance Matching (Part 1) }, url={https://www.electronicdesign.com/technologies/communications/article/21796367/back-to-basics-impedance-matching-part-1}, journal={Electronic Design}, author={Frenzel, Lou}, year={2011}, month={Oct}} 
 
 
 @misc{impedance_matching3, title={Understanding impedance matching - technical articles}, url={https://eepower.com/technical-articles/understanding-impedance-matching/#}, journal={EEPower}, author={Mugo, Simon}, year={2021}, month={Sep}} 

 @misc{impedance_matching2, title={Impedance matching}, url={https://www.analog.com/en/design-center/glossary/impedance-matching.html}, journal={Analog Devices}} 


